<record><leader>00000cas a22000007a 4500</leader><controlfield tag="001">25127410</controlfield><controlfield tag="008">920117d18741874ncudr ne      0    0eng d</controlfield><datafield ind1=" " ind2=" " tag="010"><subfield code="a">sn 92072914 </subfield></datafield><datafield ind1=" " ind2=" " tag="040"><subfield code="a">NVJ</subfield><subfield code="b">eng</subfield><subfield code="c">NVJ</subfield><subfield code="d">OCLCQ</subfield></datafield><datafield ind1=" " ind2=" " tag="042"><subfield code="a">msc</subfield></datafield><datafield ind1="0" ind2=" " tag="130"><subfield code="a">Newbernian (New Berne, N.C. : Daily : 1874)</subfield></datafield><datafield ind1="1" ind2="4" tag="245"><subfield code="a">The Newbernian.</subfield></datafield><datafield ind1="1" ind2="3" tag="246"><subfield code="a">Daily Newbernian</subfield></datafield><datafield ind1=" " ind2=" " tag="260"><subfield code="a">New Berne, N.C. :</subfield><subfield code="b">Seth M. Carpenter</subfield></datafield><datafield ind1=" " ind2=" " tag="300"><subfield code="a">v.</subfield></datafield><datafield ind1=" " ind2=" " tag="310"><subfield code="a">Daily</subfield></datafield><datafield ind1="0" ind2=" " tag="362"><subfield code="a">Vol. 1, no. 1 (Apr. 18, 1874)-</subfield></datafield><datafield ind1="1" ind2=" " tag="362"><subfield code="a">Ceased in May 1874.</subfield></datafield><datafield ind1=" " ind2=" " tag="580"><subfield code="a">Semiweekly ed.: Newbernian (Newbern, N.C. : Semiweekly : 1874).</subfield></datafield><datafield ind1=" " ind2=" " tag="752"><subfield code="a">United States</subfield><subfield code="b">North Carolina</subfield><subfield code="c">Craven</subfield><subfield code="d">New Bern.</subfield></datafield><datafield ind1="1" ind2=" " tag="775"><subfield code="t">Newbernian (Newbern, N.C. : Semiweekly : 1874)</subfield><subfield code="w">(DLC)sn 92072913</subfield></datafield><datafield ind1="0" ind2="0" tag="785"><subfield code="t">Daily Newbernian (New Berne, N.C. : Daily : 1874)</subfield><subfield code="w">(DLC)sn 92072919</subfield></datafield></record>